<record><leader>00000cas a2200000 a 4500</leader><controlfield tag="001">40487994</controlfield><controlfield tag="008">981214d18uu1862miuwr n       0    0eng c</controlfield><datafield ind1=" " ind2=" " tag="010"><subfield code="a">sn 98066982 </subfield></datafield><datafield ind1=" " ind2=" " tag="040"><subfield code="a">MHN</subfield><subfield code="b">eng</subfield><subfield code="c">MHN</subfield><subfield code="d">OCL</subfield><subfield code="d">OCLCQ</subfield><subfield code="d">OCLCF</subfield><subfield code="d">OCLCO</subfield></datafield><datafield ind1="1" ind2=" " tag="029"><subfield code="a">AU@</subfield><subfield code="b">000014355984</subfield></datafield><datafield ind1=" " ind2=" " tag="042"><subfield code="a">pcc</subfield></datafield><datafield ind1=" " ind2=" " tag="043"><subfield code="a">n-us-mi</subfield></datafield><datafield ind1="0" ind2="0" tag="245"><subfield code="a">Ingham County weekly news.</subfield></datafield><datafield ind1=" " ind2=" " tag="260"><subfield code="a">Mason, Mich. :</subfield><subfield code="b">D.B. Harrington</subfield></datafield><datafield ind1=" " ind2=" " tag="300"><subfield code="a">v.</subfield></datafield><datafield ind1=" " ind2=" " tag="310"><subfield code="a">Weekly</subfield></datafield><datafield ind1="0" ind2=" " tag="362"><subfield code="a">-v. 3, no. 52 (June 5, 1862).</subfield></datafield><datafield ind1=" " ind2=" " tag="588"><subfield code="a">Description based on: Vol. 3, no. 17 (Oct. 10, 1861).</subfield></datafield><datafield ind1=" " ind2="0" tag="651"><subfield code="a">Mason (Ingham County, Mich.)</subfield><subfield code="v">Newspapers.</subfield></datafield><datafield ind1=" " ind2="0" tag="651"><subfield code="a">Ingham County (Mich.)</subfield><subfield code="v">Newspapers.</subfield></datafield><datafield ind1=" " ind2="7" tag="655"><subfield code="a">Newspapers.</subfield><subfield code="2">fast</subfield><subfield code="0">(OCoLC)fst01423814</subfield></datafield><datafield ind1=" " ind2="7" tag="651"><subfield code="a">Michigan</subfield><subfield code="z">Ingham County.</subfield><subfield code="2">fast</subfield><subfield code="0">(OCoLC)fst01209050</subfield></datafield><datafield ind1=" " ind2="7" tag="651"><subfield code="a">Michigan</subfield><subfield code="z">Mason (Ingham County)</subfield><subfield code="2">fast</subfield><subfield code="0">(OCoLC)fst01314916</subfield></datafield><datafield ind1=" " ind2=" " tag="752"><subfield code="a">United States</subfield><subfield code="b">Michigan</subfield><subfield code="c">Ingham</subfield><subfield code="d">Mason.</subfield></datafield><datafield ind1="0" ind2="0" tag="780"><subfield code="t">Ingham County news (Mason, Mich. : 1859)</subfield><subfield code="w">(DLC)sn 98066905</subfield><subfield code="w">(OCoLC)40487961</subfield></datafield><datafield ind1="0" ind2="0" tag="785"><subfield code="t">Ingham County news (Mason, Mich. : 1862)</subfield><subfield code="w">(DLC)sn 85033725</subfield><subfield code="w">(OCoLC)12221496</subfield></datafield></record>